@inproceedings{maceachern1999,
  title={Dependent nonparametric processes},
  author={MacEachern, Steven N},
  booktitle={ASA proceedings of the section on Bayesian statistical science},
  pages={50--55},
  year={1999},
  organization={Alexandria, Virginia. Virginia: American Statistical Association; 1999}
}

@article{teh2006b,
author={Teh, Yee Whye and Jordan, Michael I and Beal, Matthew J and Blei, David M},
title = {Hierarchical Dirichlet Processes},
journal = {Journal of the American Statistical Association},
volume = {101},
number = {476},
pages = {1566-1581},
year = {2006}
}

@techreport{teh2006a,
author=         "Y. W. Teh",
title=          "A {B}ayesian Interpretation of Interpolated {K}neser-{N}ey",
number=         "TRA2/06",
institution=    "School of Computing, National University of Singapore",
year=           "2006"
}

@article{pitman1997,
author = "Pitman, Jim and Yor, Marc",
fjournal = "The Annals of Probability",
journal = "Ann. Probab.",
month = "04",
number = "2",
pages = "855--900",
publisher = "The Institute of Mathematical Statistics",
title = "The two-parameter Poisson-Dirichlet distribution derived from a stable subordinator",
volume = "25",
year = "1997"
}

@techreport{armadillo,
    author = {Sanderson, Conrad},
    institution = {NICTA},
    keywords = {blas, c, linear-algebra},
    title = {Armadillo: An Open Source C++ Linear Algebra Library for Fast Prototyping and Computationally Intensive Experiments},
    year = {2010}
}

@article{marsaglia2000,
 author = {Marsaglia, George and Tsang, Wai Wan},
 title = {A Simple Method for Generating Gamma Variables},
 journal = {ACM Trans. Math. Softw.},
 volume = {26},
 number = {3},
 year = {2000},
 pages = {363--372},
 publisher = {ACM},
 } 

@article{smith1972,
 author = {Smith, W. B. Smith and Hocking, R. R.},
 journal = {Journal of the Royal Statistical Society. Series C (Applied Statistics)},
 number = {3},
 pages = {341-345},
 publisher = {[Wiley, Royal Statistical Society]},
 title = {Algorithm AS 53: Wishart Variate Generator},
 volume = {21},
 year = {1972}
}

@article{box1958,
author = "Box, G. E. P. and Muller, Mervin E.",
fjournal = "The Annals of Mathematical Statistics",
journal = "Ann. Math. Statist.",
month = "06",
number = "2",
pages = "610--611",
publisher = "The Institute of Mathematical Statistics",
title = "A Note on the Generation of Random Normal Deviates",
volume = "29",
year = "1958"
}

@article{murphy2007,
  title={Conjugate Bayesian analysis of the Gaussian distribution},
  author={Murphy, Kevin P},
  journal={def},
  volume={1},
  number={2$\sigma$2},
  pages={16},
  year={2007}
}

@article{escobar1995,
author = {Escobar, Michael D. and West, Mike},
title = {Bayesian Density Estimation and Inference Using Mixtures},
journal = {Journal of the American Statistical Association},
volume = {90},
number = {430},
pages = {577-588},
year = {1995}
}


@article{maceachern1994,
author = {MacEachern, Steven N.},
title = {Estimating normal means with a conjugate style dirichlet process prior},
journal = {Communications in Statistics - Simulation and Computation},
volume = {23},
number = {3},
pages = {727-741},
year = {1994}
}

@article{escobar1994,
author = {Escobar, Michael D.},
title = {Estimating Normal Means with a Dirichlet Process Prior},
journal = {Journal of the American Statistical Association},
volume = {89},
number = {425},
pages = {268-277},
year = {1994}
}



@article{blei2006,
author = "Blei, David M. and Jordan, Michael I.",
fjournal = "Bayesian Analysis",
journal = "Bayesian Anal.",
month = "03",
number = "1",
pages = "121--143",
publisher = "International Society for Bayesian Analysis",
title = "Variational inference for Dirichlet process mixtures",
volume = "1",
year = "2006"
}

@article{minka2003,
  title={Expectation propagation for infinite mixtures},
  author={Minka, Thomas and Ghahramani, Zoubin},
  journal={NIPS Workshop on Nonparametric Bayesian Methods and Infinite Models},
  volume={19},
  year={2003}
}

﻿@Article{fearnhead2004,
author="Fearnhead, Paul",
title="Particle filters for mixture models with an unknown number of components",
journal="Statistics and Computing",
volume="14",
number="1",
pages="11--21",
}

@article{jain2004,
 author = {Jain, Sonia and Neal, Radford M.},
 journal = {Journal of Computational and Graphical Statistics},
 number = {1},
 pages = {158-182},
 publisher = {[American Statistical Association, Taylor & Francis, Ltd., Institute of Mathematical Statistics, Interface Foundation of America]},
 title = {A Split-Merge Markov Chain Monte Carlo Procedure for the Dirichlet Process Mixture Model},
 volume = {13},
 year = {2004}
}

@ARTICLE{ishwaran2001,
    author = {Hemant Ishwaran and Lancelot F. James},
    title = {Gibbs Sampling Methods for Stick-Breaking Priors},
    journal = {Journal of the American Statistical Association},
    year = {2001},
    volume = {96},
    pages = {161--173}
}

@article{orbanz2014,
  title={Lecture Notes on Bayesian Nonparametrics},
  author={Orbanz, Peter},
  year={2014}
}

@ARTICLE{neal2000,
    author = {Radford M. Neal},
    title = {Markov chain sampling methods for Dirichlet process mixture models},
    journal = {Journal of Computational and Graphical Statistics},
    year = {2000},
    volume = {9},
    number = {2},
    pages = {249--265}
}

@article{sethuraman94,
  author = {Sethuraman, Jayaram},
  journal = {Statistica Sinica},
  pages = {639-650},
  title = {A constructive definition of {Dirichlet} priors},
  volume = {4},
  year = {1994}
}

@article{blackwell1973,
author = "Blackwell, David and MacQueen, James B.",
fjournal = "The Annals of Statistics",
journal = "Ann. Statist.",
month = "03",
number = "2",
pages = "353--355",
publisher = "The Institute of Mathematical Statistics",
title = "Ferguson Distributions Via Polya Urn Schemes",
volume = "1",
year = "1973"
}

@incollection{Teh2010a,
Author = {Y. W. Teh},
Booktitle = {Encyclopedia of Machine Learning},
Publisher = {Springer},
Title = {{D}irichlet Processes},
Year = {2010}}

@article{ferguson1973,
author = "Ferguson, Thomas S.",
fjournal = "The Annals of Statistics",
journal = "Ann. Statist.",
month = "03",
number = "2",
pages = "209--230",
publisher = "The Institute of Mathematical Statistics",
title = "A Bayesian Analysis of Some Nonparametric Problems",
volume = "1",
year = "1973"
}

@book{ywt07,
  title={Dirichlet Processes: Tutorial and Practical Course},
  author={Yee Whye Teh},
  year={2007},
  publisher={Machine Learning Summer School}
  }

﻿@Inbook{ewens1990,
  author="Ewens, W. J.",
  editor="Lessard, Sabin",
  chapter="Population Genetics Theory - The Past and the Future",
  title="Mathematical and Statistical Developments of Evolutionary Theory",
  year="1990",
  publisher="Springer Netherlands",
  address="Dordrecht",
  pages="177--227",
  isbn="978-94-009-0513-9"
  }

@book{Bishop,
  title={Pattern recognition and machine learning},
  author={Bishop, Christopher M},
  volume={1},
  year={2006},
  publisher={springer}
}

@book{Murphy,
 author = {Murphy, Kevin P.},
 title = {Machine Learning: A Probabilistic Perspective},
 year = {2012},
 isbn = {0262018020, 9780262018029},
 publisher = {The MIT Press},
} 

@article{lloyd1982, 
  author ={Lloyd, S.}, 
  journal={Information Theory, IEEE Transactions on}, 
  title={Least squares quantization in PCM}, 
  year={1982}, 
  volume={28}, 
  number={2}, 
  pages={129-137}, 
  ISSN={0018-9448}, 
  month={Mar}
}

@Book{LaTeXBook,
  author = 	 {Leslie Lamport},
  ALTeditor = 	 {},
  title = 	 {LATEX: a Document Preparation System},
  publisher = 	 {Addison-Wesley},
  year = 	 {1994},
  OPTkey = 	 {},
  OPTvolume = 	 {},
  OPTnumber = 	 {},
  OPTseries = 	 {},
  OPTaddress = 	 {},
  OPTedition = 	 {},
  OPTmonth = 	 {},
  OPTnote = 	 {},
  OPTannote = 	 {}
}

@Book{TeXBook,
  author = 	 {Donald Knuth},
  ALTeditor = 	 {},
  title = 	 {The TeXbook},
  publisher = 	 {Addison-Wesley},
  year = 	 {1984},
  OPTkey = 	 {},
  OPTvolume = 	 {},
  OPTnumber = 	 {},
  OPTseries = 	 {},
  OPTaddress = 	 {},
  OPTedition = 	 {},
  OPTmonth = 	 {},
  OPTnote = 	 {},
  OPTannote = 	 {}
}

@article{cleavebias,
  title={Is There Selection Bias in Laboratory Experiments?},
  author={Cleave, Blair L and Nikiforakis, Nikos and Slonim, Robert},
  year={2010},
  publisher={Discipline of Economics}
}