@book{daubechies1992,
  title={Ten lectures on wavelets},
  author={Daubechies, Ingrid and others},
  volume={61},
  year={1992},
  publisher={SIAM}
}

@book{mallat1999,
  title={A wavelet tour of signal processing},
  author={Mallat, St{\'e}phane},
  year={1999},
  publisher={Academic press}
}

@article{donoho2006,
  title={Compressed sensing},
  author={Donoho, David L},
  journal={IEEE Transactions on information theory},
  volume={52},
  number={4},
  pages={1289--1306},
  year={2006},
  publisher={IEEE}
}

@article{candes2006,
  title={Robust uncertainty principles: Exact signal reconstruction from highly incomplete frequency information},
  author={Cand{\`e}s, Emmanuel J and Romberg, Justin and Tao, Terence},
  journal={IEEE Transactions on information theory},
  volume={52},
  number={2},
  pages={489--509},
  year={2006},
  publisher={IEEE}
}

@article{usevitch2001,
  title={A tutorial on modern lossy wavelet image compression: foundations of JPEG 2000},
  author={Usevitch, Bryan E},
  journal={IEEE signal processing magazine},
  volume={18},
  number={5},
  pages={22--35},
  year={2001},
  publisher={IEEE}
}
@article{wallace1992,
  title={The JPEG still picture compression standard},
  author={Wallace, Gregory K},
  journal={IEEE transactions on consumer electronics},
  volume={38},
  number={1},
  pages={xviii--xxxiv},
  year={1992},
  publisher={IEEE}
}
@article{ji2008,
  title={Bayesian compressive sensing},
  author={Ji, Shihao and Xue, Ya and Carin, Lawrence},
  journal={IEEE Transactions on Signal Processing},
  volume={56},
  number={6},
  pages={2346--2356},
  year={2008},
  publisher={IEEE}
}
@article{khayam2003,
  title={The discrete cosine transform (DCT): theory and application},
  author={Khayam, Syed Ali},
  journal={Michigan State University},
  volume={114},
  year={2003}
}
@inproceedings{zeng2013,
  title={A tutorial on image/video coding standards},
  author={Zeng, Jin and Au, Oscar C and Dai, Wei and Kong, Yue and Jia, Luheng and Zhu, Wenjing},
  booktitle={Signal and Information Processing Association Annual Summit and Conference (APSIPA), 2013 Asia-Pacific},
  pages={1--7},
  year={2013},
  organization={IEEE}
}

@article{baraniuk2007,
  title={Compressive sensing},
  author={Baraniuk, Richard G},
  journal={IEEE signal processing magazine},
  volume={24},
  number={4},
  year={2007}
}

@article{shannon1949,
  title={Communication in the presence of noise},
  author={Shannon, Claude Elwood},
  journal={Proceedings of the IRE},
  volume={37},
  number={1},
  pages={10--21},
  year={1949},
  publisher={IEEE}
}

@article{stollnitz1995,
  title={Wavelets for computer graphics: a primer. 1},
  author={Stollnitz, Eric J and DeRose, Tony D and Salesin, David H},
  journal={Computer Graphics and Applications, IEEE},
  volume={15},
  number={3},
  pages={76--84},
  year={1995},
  publisher={IEEE}
}
@book{taubman2012,
  title={JPEG2000 Image Compression Fundamentals, Standards and Practice: Image Compression Fundamentals, Standards and Practice},
  author={Taubman, D. and Marcellin, M.},
  isbn={9781461507994},
  series={The Springer International Series in Engineering and Computer Science},
  url={https://books.google.co.uk/books?id=y7HeBwAAQBAJ},
  year={2012},
  publisher={Springer US}
}
@article{devore1992,
  title={Image compression through wavelet transform coding},
  author={DeVore, Ronald A and Jawerth, Bj{\"o}rn and Lucier, Bradley J},
  journal={Information Theory, IEEE Transactions on},
  volume={38},
  number={2},
  pages={719--746},
  year={1992},
  publisher={IEEE}
}
@article{candes2008,
  title={An introduction to compressive sampling},
  author={Cand{\`e}s, Emmanuel J and Wakin, Michael B},
  journal={Signal Processing Magazine, IEEE},
  volume={25},
  number={2},
  pages={21--30},
  year={2008},
  publisher={IEEE}
}
@mastersthesis{pilikos2014,
  title={Signal Reconstruction using Compressive Sensing},
  author={Georgios Pilikos},
  school={University of Cambridge},
  type={M{P}hil Thesis},
  year={2014}
}
@inproceedings{tipping2003,
  title={Fast Marginal Likelihood Maximisation for Sparse Bayesian Models.},
  author={Tipping, Michael E and Faul, Anita C and others},
  booktitle={AISTATS},
  year={2003}
}
@article{tipping2002,
  title={Analysis of sparse Bayesian learning},
  author={Tipping, ACFME and Faul, A},
  journal={Advances in neural information processing systems},
  volume={14},
  pages={383--389},
  year={2002}
}
@article{tipping2001,
  title={Sparse Bayesian learning and the relevance vector machine},
  author={Tipping, Michael E},
  journal={The journal of machine learning research},
  volume={1},
  pages={211--244},
  year={2001},
  publisher={JMLR. org}
}
@book{Bishop,
  title={Pattern recognition and machine learning},
  author={Bishop, Christopher M},
  volume={1},
  year={2006},
  publisher={springer}
}
@book{Murphy,
 author = {Murphy, Kevin P.},
 title = {Machine Learning: A Probabilistic Perspective},
 year = {2012},
 isbn = {0262018020, 9780262018029},
 publisher = {The MIT Press},
} 